@misc{lecture2,
    title={Natural Language Processing: Part II Overview of Natural Language Processing (L90): ACS, Lecture 2: Finite-state techniques},
    year={2019},
    month={October},
    author={Buttery, Paula and Copestake, Ann}
}

@misc{lecture5,
    title={Natural Language Processing: Part II Overview of Natural Language Processing (L90): ACS, Lecture 5: Dependencies},
    year={2019},
    month={October},
    author={Buttery, Paula and Copestake, Ann}
}

@misc{lecture6,
    title={Natural Language Processing: Part II Overview of Natural Language Processing (L90): ACS, Lecture 6: Compositional semantics},
    year={2019},
    month={October},
    author={Teufel, Simone and Copestake, Ann}
}

@misc{lecture7,
    title={Natural Language Processing: Part II Overview of Natural Language Processing (L90): ACS, Lecture 7: Lexical semantics},
    year={2019},
    month={October},
    author={Teufel, Simone and Copestake, Ann}
}


@inproceedings{chen2014fast,
  title={A fast and accurate dependency parser using neural networks},
  author={Chen, Danqi and Manning, Christopher},
  booktitle={Proceedings of the 2014 conference on empirical methods in natural language processing (EMNLP)},
  pages={740--750},
  year={2014}
}

@inproceedings{schuster2016enhanced,
  title={Enhanced english universal dependencies: An improved representation for natural language understanding tasks},
  author={Schuster, Sebastian and Manning, Christopher D},
  booktitle={Proceedings of the Tenth International Conference on Language Resources and Evaluation (LREC'16)},
  pages={2371--2378},
  year={2016}
}

@inproceedings{nivre2016universal,
  title={Universal dependencies v1: A multilingual treebank collection},
  author={Nivre, Joakim and De Marneffe, Marie-Catherine and Ginter, Filip and Goldberg, Yoav and Hajic, Jan and Manning, Christopher D and McDonald, Ryan and Petrov, Slav and Pyysalo, Sampo and Silveira, Natalia and others},
  booktitle={Proceedings of the Tenth International Conference on Language Resources and Evaluation (LREC'16)},
  pages={1659--1666},
  year={2016}
}

@inproceedings{de2006generating,
  title={Generating typed dependency parses from phrase structure parses.},
  author={De Marneffe, Marie-Catherine and MacCartney, Bill and Manning, Christopher D and others},
  booktitle={Lrec},
  volume={6},
  pages={449--454},
  year={2006}
}

@inproceedings{mikolov2013distributed,
  title={Distributed representations of words and phrases and their compositionality},
  author={Mikolov, Tomas and Sutskever, Ilya and Chen, Kai and Corrado, Greg S and Dean, Jeff},
  booktitle={Advances in neural information processing systems},
  pages={3111--3119},
  year={2013}
}

@article{miller1995wordnet,
  title={WordNet: a lexical database for English},
  author={Miller, George A},
  journal={Communications of the ACM},
  volume={38},
  number={11},
  pages={39--41},
  year={1995},
  publisher={ACM}
}

@misc{speer2016conceptnet,
    title={ConceptNet 5.5: An Open Multilingual Graph of General Knowledge},
    author={Robyn Speer and Joshua Chin and Catherine Havasi},
    year={2016},
    eprint={1612.03975},
    archivePrefix={arXiv},
    primaryClass={cs.CL}
}

@InProceedings{Antol_2015_ICCV,
author = {Antol, Stanislaw and Agrawal, Aishwarya and Lu, Jiasen and Mitchell, Margaret and Batra, Dhruv and Lawrence Zitnick, C. and Parikh, Devi},
title = {VQA: Visual Question Answering},
booktitle = {The IEEE International Conference on Computer Vision (ICCV)},
month = {December},
year = {2015}
}

@inproceedings{tandon2014webchild,
  title={Webchild: Harvesting and organizing commonsense knowledge from the web},
  author={Tandon, Niket and De Melo, Gerard and Suchanek, Fabian and Weikum, Gerhard},
  booktitle={Proceedings of the 7th ACM international conference on Web search and data mining},
  pages={523--532},
  year={2014},
  organization={ACM}
}

@inproceedings{wanzare2016descript,
  title={DeScript: a crowdsourced corpus for the acquisition of high-quality script knowledge},
  author={Wanzare, Lilian DA and Zarcone, Alessandra and Thater, Stefan and Pinkal, Manfred},
  booktitle={The International Conference on Language Resources and Evaluation},
  year={2016}
}

@article{wang2018yuanfudao,
  title={Yuanfudao at semeval-2018 task 11: Three-way attention and relational knowledge for commonsense machine comprehension},
  author={Wang, Liang and Sun, Meng and Zhao, Wei and Shen, Kewei and Liu, Jingming},
  journal={arXiv preprint arXiv:1803.00191},
  year={2018}
}

@book{mueller2014commonsense,
  title={Commonsense reasoning: an event calculus based approach},
  author={Mueller, Erik T},
  year={2014},
  publisher={Morgan Kaufmann}
}

@inproceedings{mostafazadeh2017lsdsem,
  title={Lsdsem 2017 shared task: The story cloze test},
  author={Mostafazadeh, Nasrin and Roth, Michael and Louis, Annie and Chambers, Nathanael and Allen, James},
  booktitle={Proceedings of the 2nd Workshop on Linking Models of Lexical, Sentential and Discourse-level Semantics},
  pages={46--51},
  year={2017}
}

@inproceedings{ostermann2018semeval,
  title={Semeval-2018 task 11: Machine comprehension using commonsense knowledge},
  author={Ostermann, Simon and Roth, Michael and Modi, Ashutosh and Thater, Stefan and Pinkal, Manfred},
  booktitle={Proceedings of The 12th International Workshop on Semantic Evaluation},
  pages={747--757},
  year={2018}
}

@inproceedings{xia2019incorporating,
  title={Incorporating Relation Knowledge into Commonsense Reading Comprehension with Multi-task Learning},
  author={Xia, Jiangnan and Wu, Chen and Yan, Ming},
  booktitle={Proceedings of the 28th ACM International Conference on Information and Knowledge Management},
  pages={2393--2396},
  year={2019},
  organization={ACM}
}